%% This BibTeX bibliography file was created using BibDesk.
%% http://bibdesk.sourceforge.net/


%% Created for Ricardo da Silva at 2012-12-20 18:41:25 +0400 


%% Saved with string encoding Unicode (UTF-8) 



@book{young1989token,
	Author = {Young, S.J. and Russell, NH and Thornton, JHS},
	Date-Added = {2012-12-20 14:40:59 +0000},
	Date-Modified = {2012-12-20 14:41:08 +0000},
	Keywords = {viterbi,hmm},
	Publisher = {University of Cambridge, Department of Engineering},
	Title = {Token passing: a simple conceptual model for connected speech recognition systems},
	Year = {1989}}

@book{saeed2008advanced,
	Author = {Saeed V. Vaseghi},
	Date-Added = {2012-12-10 23:43:08 +0000},
	Date-Modified = {2012-12-11 00:08:56 +0000},
	Edition = {Fourth},
	Keywords = {dsp,hmm},
	Publisher = {John Wiley and Sons},
	Title = {Advanced Digital Signal Processing},
	Year = {2008}}

@webpage{xilinxISE,
	Date-Added = {2012-12-09 18:00:56 +0000},
	Date-Modified = {2012-12-09 18:02:47 +0000},
	Lastchecked = {Dec 2012},
	Title = {Xilinx ISE},
	Url = {http://www.xilinx.com/products/design-tools/ise-design-suite/ise-webpack.htm},
	Bdsk-Url-1 = {http://www.xilinx.com/products/design-tools/ise-design-suite/ise-webpack.htm}}

@book{cox1988hidden,
	Author = {Cox, SJ and Britain, G.},
	Date-Added = {2012-12-09 17:57:29 +0000},
	Date-Modified = {2012-12-09 17:57:39 +0000},
	Keywords = {hmm,sr},
	Publisher = {Royal Signals \& Radar Establishment},
	Title = {Hidden Markov models for automatic speech recognition: theory and application},
	Year = {1988}}

@book{furui1989speech,
	Author = {Sadaoki Furui},
	Date-Added = {2012-12-09 17:39:56 +0000},
	Date-Modified = {2012-12-09 17:41:53 +0000},
	Keywords = {sr},
	Publisher = {Marcel Dekker},
	Title = {Digital Speech Processing, Synthesis, and Recognition},
	Year = {1989}}

@inproceedings{nedevschi2005hardware,
	Author = {Nedevschi, S. and Patra, R.K. and Brewer, E.A.},
	Booktitle = {Design Automation Conference, 2005. Proceedings. 42nd},
	Date-Added = {2012-12-09 12:45:50 +0000},
	Date-Modified = {2012-12-09 12:45:50 +0000},
	Organization = {IEEE},
	Pages = {684--689},
	Title = {Hardware speech recognition for user interfaces in low cost, low power devices},
	Year = {2005}}

@url{voxforge,
	Date-Added = {2012-12-08 15:35:26 +0000},
	Date-Modified = {2012-12-08 15:38:24 +0000},
	Lastchecked = {2012-12},
	Title = {VoxForge},
	Url = {http://www.voxforge.org/},
	Year = {2012},
	Bdsk-Url-1 = {http://www.voxforge.org/}}

@book{htkbook,
	Author = {Steve Young and Gunnar Evermann and Mark Gales and Thomas Hain and Dan Kershaw and Xunying Liu and Gareth Moore and Julian Odell and Dave Ollason and Dan Povey and Valtcho Valtchev and Phil Woodland},
	Date-Added = {2012-12-08 15:11:28 +0000},
	Date-Modified = {2012-12-08 15:15:44 +0000},
	Keywords = {htk,hmm,sr},
	Publisher = {Cambridge University Engineering Department},
	Title = {The HTK Book},
	Year = {2009}}

@misc{sd2012interview,
	Date-Added = {2012-12-08 14:52:42 +0000},
	Date-Modified = {2012-12-08 14:54:19 +0000},
	Keywords = {interview},
	Month = {11},
	Title = {Personal Interview with Srinandan Dasmahapatra},
	Year = {2012}}

@electronic{tor2003,
	Author = {Tor Aamodt},
	Date-Added = {2012-12-06 13:30:48 +0000},
	Date-Modified = {2012-12-06 13:33:29 +0000},
	Keywords = {tor,sr},
	Lastchecked = {2012-12-06},
	Month = {04},
	Title = {A Simple Speech Recognition Algorithm for ECE341},
	Url = {http://www.eecg.toronto.edu/~aamodt/ece341/speech-recognition/},
	Year = {2003},
	Bdsk-Url-1 = {http://www.eecg.toronto.edu/~aamodt/ece341/speech-recognition/}}

@article{bilmes2006hmms,
	Author = {Bilmes, J.A.},
	Date-Added = {2012-12-05 18:32:47 +0000},
	Date-Modified = {2012-12-05 18:32:58 +0000},
	Journal = {IEICE TRANSACTIONS on Information and Systems},
	Keywords = {hmm},
	Number = {3},
	Pages = {869--891},
	Publisher = {The Institute of Electronics, Information and Communication Engineers},
	Title = {What HMMs can do},
	Volume = {89},
	Year = {2006}}

@article{rabiner1989tutorial,
	Author = {Rabiner, L.R.},
	Date-Added = {2012-12-05 18:31:04 +0000},
	Date-Modified = {2012-12-05 18:31:13 +0000},
	Journal = {Proceedings of the IEEE},
	Keywords = {hmm,sr},
	Number = {2},
	Pages = {257--286},
	Publisher = {IEEE},
	Title = {A tutorial on hidden Markov models and selected applications in speech recognition},
	Volume = {77},
	Year = {1989}}

@article{schuster2006speech,
	Author = {Schuster, J. and Gupta, K. and Hoare, R. and Jones, A.K.},
	Date-Added = {2012-12-05 18:29:26 +0000},
	Date-Modified = {2012-12-05 18:29:38 +0000},
	Journal = {EURASIP Journal on Embedded Systems},
	Keywords = {sr,fpga},
	Number = {1},
	Pages = {10--10},
	Publisher = {Hindawi Publishing Corp.},
	Title = {Speech silicon: an FPGA architecture for real-time hidden Markov-model-based speech recognition},
	Volume = {2006},
	Year = {2006}}

@article{gaikwad2010review,
	Author = {Gaikwad, S.K. and Gawali, B.W. and Yannawar, P.},
	Date-Added = {2012-12-05 18:22:16 +0000},
	Date-Modified = {2012-12-05 18:22:25 +0000},
	Journal = {International Journal of Computer Applications IJCA},
	Keywords = {sr},
	Number = {3},
	Pages = {24--28},
	Publisher = {Foundation of Computer Science FCS},
	Title = {A Review on Speech Recognition Technique},
	Volume = {10},
	Year = {2010}}

@phdthesis{melnikoff2003speech,
	Author = {Melnikoff, S.J.},
	Date-Added = {2012-12-05 18:20:59 +0000},
	Date-Modified = {2012-12-05 18:29:59 +0000},
	Keywords = {sr,fpga},
	School = {University of Birmingham},
	Title = {Speech recognition in programmable logic},
	Year = {2003}}

@inproceedings{woodland1994htk,
	Author = {Woodland, P.C. and Odell, J.J. and Valtchev, V. and Young, S.J.},
	Booktitle = {Acoustics, Speech, and Signal Processing, 1994. ICASSP-94., 1994 IEEE International Conference on},
	Date-Added = {2012-12-02 11:43:27 +0000},
	Date-Modified = {2012-12-05 18:29:56 +0000},
	Keywords = {htk},
	Organization = {IEEE},
	Pages = {II--125},
	Title = {Large vocabulary continuous speech recognition using HTK},
	Volume = {2},
	Year = {1994}}
